<record xmlns="http://www.loc.gov/MARC21/slim" xmlns:xsi="http://www.w3.org/2001/XMLSchema-instance" xsi:schemaLocation="http://www.loc.gov/MARC21/slim http://www.loc.gov/standards/marcxml/schema/MARC21slim.xsd"><leader>03054nam a2200469   4500</leader><controlfield tag="001">3076752</controlfield><controlfield tag="003">NNC</controlfield><controlfield tag="006">m        d        </controlfield><controlfield tag="007">cr cn |||m|||a</controlfield><controlfield tag="008">150223s1963    iq ac   o     000 0 ara c</controlfield><datafield ind1=" " ind2=" " tag="040"><subfield code="a">NNU</subfield><subfield code="b">eng</subfield><subfield code="e">rda</subfield><subfield code="c">NNU</subfield></datafield><datafield ind1=" " ind2=" " tag="043"><subfield code="a">ma-----</subfield></datafield><datafield ind1="0" ind2="4" tag="050"><subfield code="a">ML332</subfield><subfield code="b">.A4 1963 (Orien Arab)</subfield></datafield><datafield ind1="0" ind2="4" tag="082"><subfield code="a">782.42163</subfield><subfield code="2">21</subfield></datafield><datafield ind1="1" ind2=" " tag="100"><subfield code="6">880-01</subfield><subfield code="a">&#699;Alla&#772;f, &#699;Abd al-Kari&#772;m.</subfield></datafield><datafield ind1="1" ind2="3" tag="245"><subfield code="6">880-02</subfield><subfield code="a">al-T&#803;arab &#699;inda al-&#699;Arab :</subfield><subfield code="b">Kita&#772;b mus&#803;awwar yabh&#803;ath &#699;an al-mu&#772;si&#772;qa&#769; al-&#699;Arabi&#772;yah fi&#772; al&#699;&#772;ahd al-Ja&#772;hili&#772; wa-al-Umawi&#772; wa-al-&#699;Abba&#772;si&#772; wa-al-Andalusi&#772; wa-al-shi&#699;r wa-al-mu&#772;si&#772;qa&#769; wa-ma&#699;rifat al-as&#803;wa&#772;t wa-al-a&#772;la&#772;t al-t&#803;arab wa-al-ghina&#772;&#700; fi&#772; Mis&#803;r wa-al-&#699;Ira&#772;q bi-janu&#772;bih wa-shama&#772;lih,</subfield><subfield code="c">ta&#700;li&#772;f &#699;Abd al-Kari&#772;m al-&#699;Allaf ; qaddama lahu Yu&#772;suf &#699;Izz al-Di&#772;n.</subfield></datafield><datafield ind1=" " ind2=" " tag="250"><subfield code="6">880-03</subfield><subfield code="a">al-T&#803;ab&#699;ah al-tha&#772;niyah.</subfield></datafield><datafield ind1=" " ind2=" " tag="260"><subfield code="6">880-04</subfield><subfield code="a">Baghda&#772;d,</subfield><subfield code="b">Manshu&#772;ra&#772;t al-Maktabah al-Ahli&#772;yah,</subfield><subfield code="c">1963.</subfield></datafield><datafield ind1=" " ind2=" " tag="300"><subfield code="a">online resource (12, 256 pages) :</subfield><subfield code="b">illustrations, portraits</subfield></datafield><datafield ind1=" " ind2=" " tag="336"><subfield code="a">text</subfield><subfield code="2">rdacontent</subfield></datafield><datafield ind1=" " ind2=" " tag="337"><subfield code="a">computer</subfield><subfield code="2">rdamedia</subfield></datafield><datafield ind1=" " ind2=" " tag="338"><subfield code="a">online resource</subfield><subfield code="2">rdacarrier</subfield></datafield><datafield ind1=" " ind2=" " tag="500"><subfield code="a">Cover title: al-Tarab ind al-Arab (Delight and pleasure among the Arabs).</subfield></datafield><datafield ind1=" " ind2=" " tag="500"><subfield code="a">Part of the Arabic Collections Online (ACO) project, contributed by Columbia University Libraries.</subfield></datafield><datafield ind1=" " ind2=" " tag="533"><subfield code="a">Electronic reproduction.</subfield><subfield code="b">New York, N.Y. :</subfield><subfield code="c">New York University,</subfield><subfield code="d">2015.</subfield><subfield code="5">NNU</subfield></datafield><datafield ind1=" " ind2="0" tag="650"><subfield code="a">Music</subfield><subfield code="z">Arab countries.</subfield></datafield><datafield ind1=" " ind2="0" tag="650"><subfield code="a">Folk songs, Arabic.</subfield></datafield><datafield ind1=" " ind2="0" tag="650"><subfield code="a">Ballads, Arabic.</subfield></datafield><datafield ind1=" " ind2="7" tag="650"><subfield code="a">Musique</subfield><subfield code="z">Pays arabes.</subfield><subfield code="2">ram</subfield></datafield><datafield ind1=" " ind2="7" tag="651"><subfield code="a">Chansons</subfield><subfield code="x">Textes.</subfield><subfield code="2">ram</subfield></datafield><datafield ind1="2" ind2=" " tag="710"><subfield code="a">Columbia University.</subfield><subfield code="b">Libraries.</subfield></datafield><datafield ind1="0" ind2=" " tag="730"><subfield code="a">Arabic Collections Online.</subfield></datafield><datafield ind1="0" ind2="8" tag="776"><subfield code="i">Online version:</subfield><subfield code="a">&#699;Alla&#772;f, &#699;Abd al-Kari&#772;m.</subfield><subfield code="t">T&#803;arab &#699;inda al-&#699;Arab.</subfield><subfield code="b">al-T&#803;ab&#699;ah al-tha&#772;niyah.</subfield><subfield code="d">Baghda&#772;d, Manshu&#772;ra&#772;t al-Maktabah al-Ahli&#772;yah, 1963</subfield><subfield code="w">(OCoLC)593057620</subfield></datafield><datafield ind1="0" ind2="8" tag="776"><subfield code="i">Online version:</subfield><subfield code="a">&#699;Alla&#772;f, &#699;Abd al-Kari&#772;m.</subfield><subfield code="t">T&#803;arab &#699;inda al-&#699;Arab.</subfield><subfield code="b">al-T&#803;ab&#699;ah al-tha&#772;niyah.</subfield><subfield code="d">Baghda&#772;d, Manshu&#772;ra&#772;t al-Maktabah al-Ahli&#772;yah, 1963</subfield><subfield code="w">(OCoLC)627779856</subfield></datafield><datafield ind1="0" ind2="8" tag="776"><subfield code="i">Print version:</subfield><subfield code="a">&#699;Alla&#772;f, &#699;Abd al-Kari&#772;m.</subfield><subfield code="t">al-T&#803;arab &#699;inda al-&#699;Arab</subfield><subfield code="w">(NNC)3076752</subfield><subfield code="w">(DLC)ne 64003617 </subfield><subfield code="w">(OCoLC)20379736</subfield></datafield><datafield ind1="4" ind2="0" tag="856"><subfield code="u">http://hdl.handle.net/2333.1/pc866vz2</subfield></datafield><datafield ind1="1" ind2=" " tag="880"><subfield code="6">100-01/r</subfield><subfield code="a">&#1593;&#1604;&#1575;&#1601;&#1548; &#1593;&#1576;&#1583; &#1575;&#1604;&#1603;&#1585;&#1610;&#1605;.</subfield></datafield><datafield ind1="1" ind2="2" tag="880"><subfield code="6">245-02/r</subfield><subfield code="a">&#1575;&#1604;&#1591;&#1585;&#1576; &#1593;&#1606;&#1583; &#1575;&#1604;&#1593;&#1585;&#1576; :</subfield><subfield code="b">&#1603;&#1578;&#1575;&#1576; &#1605;&#1589;&#1608;&#1585; &#1610;&#1576;&#1581;&#1579; &#1593;&#1606; &#1575;&#1604;&#1605;&#1608;&#1587;&#1610;&#1602;&#1609; &#1575;&#1604;&#1593;&#1585;&#1576;&#1610;&#1577; &#1601;&#1610; &#1575;&#1604;&#1593;&#1607;&#1583; &#1575;&#1604;&#1580;&#1575;&#1607;&#1604;&#1610; &#1608;&#1575;&#1604;&#1571;&#1605;&#1608;&#1610; &#1608;&#1575;&#1604;&#1593;&#1576;&#1575;&#1587;&#1610; &#1608;&#1575;&#1604;&#1571;&#1606;&#1583;&#1604;&#1587;&#1610; &#1608;&#1575;&#1604;&#1588;&#1593;&#1585; &#1608;&#1575;&#1604;&#1605;&#1608;&#1587;&#1610;&#1602;&#1609; &#1608;&#1605;&#1593;&#1585;&#1601;&#1577; &#1575;&#1604;&#1571;&#1589;&#1608;&#1575;&#1578; &#1608;&#1575;&#1604;&#1570;&#1604;&#1575;&#1578; &#1575;&#1604;&#1591;&#1585;&#1576; &#1608;&#1575;&#1604;&#1594;&#1606;&#1575;&#1569; &#1601;&#1610; &#1605;&#1589;&#1585; &#1608;&#1575;&#1604;&#1593;&#1585;&#1575;&#1602; &#1576;&#1580;&#1606;&#1608;&#1576;&#1607; &#1608;&#1588;&#1605;&#1575;&#1604;&#1607;&#1548;</subfield><subfield code="c">&#1578;&#1571;&#1604;&#1610;&#1601; &#1593;&#1576;&#1583; &#1575;&#1604;&#1603;&#1585;&#1610;&#1605; &#1575;&#1604;&#1593;&#1604;&#1601;. &#1602;&#1583;&#1605; &#1604;&#1607; &#1610;&#1608;&#1587;&#1601; &#1593;&#1575;&#1586; &#1575;&#1604;&#1583;&#1610;&#1606;.</subfield></datafield><datafield ind1=" " ind2=" " tag="880"><subfield code="6">250-03/r</subfield><subfield code="a">&#1575;&#1604;&#1591;&#1576;&#1593;&#1577; &#1575;&#1604;&#1579;&#1575;&#1606;&#1610;&#1577;.</subfield></datafield><datafield ind1=" " ind2=" " tag="880"><subfield code="6">260-04/r</subfield><subfield code="a">&#1576;&#1594;&#1583;&#1575;&#1583;&#1548;</subfield><subfield code="b">&#1605;&#1606;&#1588;&#1608;&#1585;&#1575;&#1578; &#1575;&#1604;&#1605;&#1603;&#1578;&#1576;&#1577; &#1575;&#1604;&#1571;&#1607;&#1604;&#1610;&#1577;&#1548;</subfield><subfield code="c">1963.</subfield></datafield><datafield ind1=" " ind2=" " tag="959"><subfield code="a">NNU</subfield><subfield code="b">WEB</subfield><subfield code="c">GENI</subfield><subfield code="t">0</subfield><subfield code="m">Electronic access</subfield><subfield code="s">01</subfield></datafield><datafield ind1=" " ind2=" " tag="999"><subfield code="i">NNC_3076752</subfield><subfield code="o">(OCoLC)ocm20379736 </subfield><subfield code="s">columbia_aco000097</subfield></datafield></record>